<record><leader>00000cas a22000007a 4500</leader><controlfield tag="001">20101968</controlfield><controlfield tag="008">890731d191u1920couwr ne      0    0eng d</controlfield><datafield ind1=" " ind2=" " tag="010"><subfield code="a">sn 89052215 </subfield></datafield><datafield ind1=" " ind2=" " tag="040"><subfield code="a">CNQ</subfield><subfield code="b">eng</subfield><subfield code="c">CNQ</subfield><subfield code="d">OCLCQ</subfield></datafield><datafield ind1=" " ind2=" " tag="042"><subfield code="a">msc</subfield></datafield><datafield ind1="0" ind2="4" tag="245"><subfield code="a">The Ft. Lupton booster (and farm herald).</subfield></datafield><datafield ind1=" " ind2=" " tag="260"><subfield code="a">Fort Lupton, Weld County, Colo. :</subfield><subfield code="b">Walling &amp; Atterberry</subfield></datafield><datafield ind1=" " ind2=" " tag="300"><subfield code="a">v.</subfield></datafield><datafield ind1=" " ind2=" " tag="310"><subfield code="a">Weekly</subfield></datafield><datafield ind1="0" ind2=" " tag="362"><subfield code="a">-v. 3, no. 12 (Dec. 9, 1920).</subfield></datafield><datafield ind1=" " ind2=" " tag="588"><subfield code="a">Description based on: Vol. 2, no. 37 (June 3, 1920).</subfield></datafield><datafield ind1=" " ind2=" " tag="752"><subfield code="a">United States</subfield><subfield code="b">Colorado</subfield><subfield code="c">Weld</subfield><subfield code="d">Fort Lupton.</subfield></datafield><datafield ind1="0" ind2="0" tag="785"><subfield code="t">Ft. Lupton booster</subfield><subfield code="w">(DLC)sn 89052216</subfield></datafield><datafield ind1="1" ind2=" " tag="029"><subfield code="a">AU@</subfield><subfield code="b">000025899683</subfield></datafield></record>